@Comment А вот так оформляется библиография при помощи BibTeX.
@misc{octv1,
	        title = {Octave - это высокоуровневый язык программирования и интерактивная вычислительная среда, предназначенная в первую очередь для решения численных задач.
	                Он был разработан как свободная альтернатива коммерческому пакету MATLAB, поддерживая большинство его функциональных возможностей.}
}

@misc{matlb,
	        title = {MATLAB (сокращение от "Matrix Laboratory") — это высокоуровневый язык программирования и
		        интерактивная вычислительная среда, используемая главным образом для численных вычислений, визуализации данных и разработки алгоритмов}
}


@book{RD2,
        author = {Klein D. J., Randic M. J.},
        year = {1993},
        title = {Resistance Distance},
        publisher = {J. Math. Chem}
}
@book{RD,
       author = {Douglas J. Klein},
       year = {2002},
       title = {Resistance-Distance Sum Rules},
       publisher = {Croatica Chemica Acta}
}
@book{ss,
       title={A note on resistance distances of graphs},
       author={Sun, Wensheng and Yang, Yujun},
       journal={Frontiers in Physics},
       volume={10},
       pages={896886},
       year={2022},
       publisher={Frontiers Media SA}
}
@book{shkl,
      title = {Физика полупроводниковых преобразователей},
      year = {2018},
      author = {С. В. Булярский, А. Н. Сауров},
      publisher = {РАН},
      pages = {280}
}
@article{3,
	  author    = {Ashok K. Chandra and Prabhakar Raghavan and Walter L. Ruzzo and Roman Smolensky and Prasoon Tiwari},
	    title     = {The Electrical Resistance of a Graph Captures its Commute and Cover Times},
	      year      = {1989},
}

@article{6,
	  author    = {Reinhard Diestel},
	    title     = {Graph Theory},
	      publisher = {Springer-Verlag New York},
	        volume    = {173},
		  year      = {2000},
}

@article{7,
	  author    = {Douglas B. West},
	    title     = {Introduction to Graph Theory},
	      publisher = {Prentice Hall},
	        year      = {2001},
}

@article{8,
	  author    = {Gary Chartrand and Ping Zhang},
	    title     = {A First Course in Graph Theory},
	      publisher = {Dover Publications},
	        year      = {2005},
}


