@article{1,
  author    = {Alistair Sinclair},
  title     = {Random Walks},
  journal   = {CS271 Randomness \& Computation},
  year      = {2022},
  note      = {Lecture 24: November 15, University of California, Berkeley},
  url       = {https://people.eecs.berkeley.edu/~sinclair/cs271/n24.pdf}
}

@article{2,
  author    = {Ernesto Estrada},
  title     = {Path Laplacians versus fractional Laplacians as nonlocal operators on networks},
  journal   = {New Journal of Physics},
  volume    = {23},
  year      = {2021},
  url       = {https://www.researchgate.net/publication/353256249_Path_Laplacians_versus_fractional_Laplacians_as_nonlocal_operators_on_networks}
}

@article{3,
  author    = {Ashok K. Chandra and Prabhakar Raghavan and Walter L. Ruzzo and Roman Smolensky and Prasoon Tiwari},
  title     = {The Electrical Resistance of a Graph Captures its Commute and Cover Times},
  year      = {1989},
  url       = {https://www.researchgate.net/publication/220268346_The_Electrical_Resistance_of_a_Graph_Captures_its_Commute_and_Cover_Times_Detailed_Abstract}
}

@article{4,
  title     = {Kirchhoff's Rules},
  publisher = {Royal Academy of Engineering},
  url       = {https://raeng.org.uk/media/wlelusmo/8-kirchhoffs-laws.pdf}
}

@article{5,
  title     = {Resistance and Ohms Law},
  url       = {https://www.salfordphysics.com/gsmcdonald/E_02_Lecture02.pdf}
}


@article{6,
  author    = {Reinhard Diestel},
  title     = {Graph Theory},
  publisher = {Springer-Verlag New York},
  volume    = {173},
  year      = {2000},
  url       = {https://www.emis.de/monographs/Diestel/en/GraphTheoryII.pdf}
}

@article{7,
  author    = {Douglas B. West},
  title     = {Introduction to Graph Theory},
  publisher = {Prentice Hall},
  year      = {2001},
  url       = {https://athena.nitc.ac.in/summerschool/Files/West.pdf}
}

@article{8,
  author    = {Gary Chartrand and Ping Zhang},
  title     = {A First Course in Graph Theory},
  publisher = {Dover Publications},
  year      = {2005},
  url       = {http://lib.ysu.am/disciplines_bk/86ed8ab971105564c1b66357510f992a.pdf}
}

